% Updated for UIF Paper I — v1.0 (October 2025)
@article{Abedi2017,
  author  = {J. Abedi and H. Dykaar and N. Afshordi},
  title   = {Echoes from the abyss: Evidence for Planck-scale structure at black hole horizons},
  journal = {Physical Review D},
  year    = {2017},
  volume  = {96},
  number  = {8},
  doi     = {10.1103/PhysRevD.96.082004}
}

@article{Aharonov1964,
  author  = {Yakir Aharonov and Peter G. Bergmann and Joel L. Lebowitz},
  title   = {Time symmetry in the quantum process of measurement},
  journal = {Physical Review},
  year    = {1964},
  volume  = {134},
  pages   = {B1410--B1416},
}

@article{Bekenstein1973,
  author  = {Jacob D. Bekenstein},
  title   = {Black holes and entropy},
  journal = {Physical Review D},
  year    = {1973},
  volume  = {7},
  pages   = {2333--2346},
  doi     = {10.1103/PhysRevD.7.2333}
}

@article{Bell1964,
  author  = {John S. Bell},
  title   = {On the Einstein Podolsky Rosen Paradox},
  journal = {Physics},
  year    = {1964},
  volume  = {1},
  pages   = {195--200}
}

@article{Aspect1982,
  author  = {Alain Aspect and Philippe Grangier and Gérard Roger},
  title   = {Experimental Realization of Einstein–Podolsky–Rosen–Bohm Gedankenexperiment:
             A New Violation of Bell's Inequalities},
  journal = {Physical Review Letters},
  year    = {1982},
  volume  = {49},
  pages   = {91--94}
}

@article{Boltzmann1872,
  author  = {Ludwig Boltzmann},
  title   = {Weitere Studien {\"u}ber das W{\"a}rmegleichgewicht unter Gasmolek{\"u}len},
  journal = {Sitzungsberichte der Kaiserlichen Akademie der Wissenschaften},
  year    = {1872},
  volume  = {66},
  pages   = {275--370}
}

@book{Brillouin1962,
  author    = {L{\'e}on Brillouin},
  title     = {Science and Information Theory},
  edition   = {2nd},
  year      = {1962},
  publisher = {Academic Press}
}

@article{Buhusi2005,
  author  = {C. V. Buhusi and W. H. Meck},
  title   = {What makes us tick? Functional and neural mechanisms of interval timing},
  journal = {Trends in Cognitive Sciences},
  year    = {2005},
  volume  = {9},
  pages   = {47--55},
  doi     = {10.1016/j.tics.2004.12.007}
}

@article{Chalmers1995,
  author  = {David J. Chalmers},
  title   = {Facing up to the problem of consciousness},
  journal = {Journal of Consciousness Studies},
  year    = {1995},
  volume  = {2},
  pages   = {200--219}
}

@article{Chiribella2020,
  author  = {G. Chiribella and G. M. D'Ariano and P. Perinotti},
  title   = {Quantum theory with no causal order},
  journal = {Physical Review A},
  year    = {2020},
  volume  = {101},
  number  = {022116},
  doi     = {10.1103/PhysRevA.101.022116}
}

@article{Demetrius2005,
  author  = {L. Demetrius and T. Manke},
  title   = {Robustness and network evolution},
  journal = {EMBO Reports},
  year    = {2005},
  volume  = {6},
  pages   = {1--5},
  doi     = {10.1038/sj.embor.7400349}
}

@article{Eagleman2009,
  author  = {David M. Eagleman},
  title   = {Human time perception and its illusions},
  journal = {Current Opinion in Neurobiology},
  year    = {2009},
  volume  = {18},
  number  = {2},
  pages   = {131--136},
  doi     = {10.1016/j.conb.2009.06.002}
}

@article{Einstein1915,
  author  = {Albert Einstein},
  title   = {Die Feldgleichungen der Gravitation},
  journal = {Sitzungsberichte der Preussischen Akademie der Wissenschaften zu Berlin},
  year    = {1915},
  pages   = {844--847}
}

@article{Fields2020,
  author  = {Chris Fields and James F. Glazebrook},
  title   = {Information and the foundations of physics},
  journal = {Entropy},
  year    = {2020},
  volume  = {22},
  number  = {5},
  pages   = {552},
  doi     = {10.3390/e22050552}
}

@article{Friston2010,
  author  = {Karl Friston},
  title   = {The free-energy principle: a unified brain theory?},
  journal = {Nature Reviews Neuroscience},
  year    = {2010},
  volume  = {11},
  pages   = {127--138},
  doi     = {10.1038/nrn2787}
}

@article{Frowis2018,
  author  = {Florian Fr{\"o}wis and others},
  title   = {Macroscopic quantum states},
  journal = {Reviews of Modern Physics},
  year    = {2018},
  volume  = {90},
  pages   = {025004},
  doi     = {10.1103/RevModPhys.90.025004}
}

@article{Gatenby2007,
  author  = {Robert A. Gatenby and Bruce R. Frieden},
  title   = {Information dynamics in carcinogenesis},
  journal = {Physical Review E},
  year    = {2007},
  volume  = {76},
  pages   = {056102},
  doi     = {10.1103/PhysRevE.76.056102}
}

@article{Godel1931,
  author  = {Kurt G{\"o}del},
  title   = {{\"U}ber formal unentscheidbare S{\"a}tze der \emph{Principia Mathematica} und verwandter Systeme I},
  journal = {Monatshefte f{\"u}r Mathematik und Physik},
  year    = {1931},
  volume  = {38},
  pages   = {173--198}
}

@article{Gross1973,
  author  = {David J. Gross and Frank Wilczek and H. David Politzer},
  title   = {Ultraviolet behavior of non-Abelian gauge theories},
  journal = {Physical Review Letters},
  year    = {1973},
  volume  = {30},
  pages   = {1343--1346},
  doi     = {10.1103/PhysRevLett.30.1343}
}

@book{Gyftopoulos2021,
  author    = {Elias P. Gyftopoulos and Gian Paolo Beretta},
  title     = {Thermodynamics: Foundations and Applications},
  year      = {2021},
  publisher = {Dover}
}

@article{Hawking1975,
  author  = {Stephen W. Hawking},
  title   = {Particle creation by black holes},
  journal = {Communications in Mathematical Physics},
  year    = {1975},
  volume  = {43},
  pages   = {199--220},
  doi     = {10.1007/BF02345020}
}

@article{Hopfield1982,
  author  = {J. J. Hopfield},
  title   = {Neural networks and physical systems with emergent collective computational abilities},
  journal = {Proceedings of the National Academy of Sciences},
  year    = {1982},
  volume  = {79},
  pages   = {2554--2558},
  doi     = {10.1073/pnas.79.8.2554}
}

@book{Ismael2017,
  author    = {Jenann Ismael},
  title     = {Time: A Very Short Introduction},
  year      = {2017},
  publisher = {Oxford University Press}
}

@article{Landauer1961,
  author  = {Rolf Landauer},
  title   = {Irreversibility and heat generation in the computing process},
  journal = {IBM Journal of Research and Development},
  year    = {1961},
  volume  = {5},
  number  = {3},
  pages   = {183--191},
  doi     = {10.1147/rd.53.0183}
}

@article{Libet1983,
  author  = {Benjamin Libet},
  title   = {Time of conscious intention to act in relation to onset of cerebral activity (readiness-potential)},
  journal = {Brain},
  year    = {1983},
  volume  = {106},
  number  = {3},
  pages   = {623--642},
  doi     = {10.1093/brain/106.3.623}
}

@article{Lin1992,
  author  = {Long-Ji Lin},
  title   = {Self-improving reactive agents},
  journal = {Machine Learning},
  year    = {1992},
  volume  = {8},
  pages   = {293--321},
  doi     = {10.1007/BF00992699}
}

@article{Lvovsky2009,
  author  = {A. I. Lvovsky and others},
  title   = {Optical quantum memory},
  journal = {Nature Photonics},
  year    = {2009},
  volume  = {3},
  pages   = {706--714},
  doi     = {10.1038/nphoton.2009.231}
}

@book{Maudlin2007,
  author    = {Tim Maudlin},
  title     = {The Metaphysics Within Physics},
  year      = {2007},
  publisher = {Oxford University Press}
}

@article{Morningstar1999,
  author  = {Colin J. Morningstar and Mike J. Peardon},
  title   = {The glueball spectrum from an anisotropic lattice study},
  journal = {Physical Review D},
  year    = {1999},
  volume  = {60},
  pages   = {034509},
  doi     = {10.1103/PhysRevD.60.034509}
}

@article{Noble2012,
  author  = {Denis Noble},
  title   = {A theory of biological relativity: no privileged level of causation},
  journal = {Interface Focus},
  year    = {2012},
  volume  = {2},
  pages   = {55--64},
  doi     = {10.1098/rsfs.2011.0067}
}

@misc{OpenAI2023,
  author = {{OpenAI}},
  title  = {GPT-4 Technical Report},
  year   = {2023},
  eprint = {2303.08774},
  archivePrefix = {arXiv}
}

@article{PageWootters1983,
  author  = {Don N. Page and William K. Wootters},
  title   = {Evolution without evolution: dynamics described by stationary observables},
  journal = {Physical Review D},
  year    = {1983},
  volume  = {27},
  pages   = {2885--2892},
  doi     = {10.1103/PhysRevD.27.2885}
}

@article{Polyakov1974,
  author  = {Alexander M. Polyakov},
  title   = {Particle spectrum in quantum field theory},
  journal = {JETP Letters},
  year    = {1974},
  volume  = {20},
  pages   = {194--195}
}

@article{Preskill2018,
  author  = {John Preskill},
  title   = {Quantum computing in the NISQ era and beyond},
  journal = {Quantum},
  year    = {2018},
  volume  = {2},
  pages   = {79},
  doi     = {10.22331/q-2018-08-06-79}
}

@article{Rovelli1995,
  author  = {Carlo Rovelli},
  title   = {Relational quantum mechanics},
  journal = {International Journal of Theoretical Physics},
  year    = {1995},
  volume  = {35},
  pages   = {1637--1678},
  doi     = {10.1007/BF02302261}
}

@article{Searle1990,
  author  = {John Searle},
  title   = {Is the brain a digital computer?},
  journal = {Proceedings and Addresses of the American Philosophical Association},
  year    = {1990},
  volume  = {64},
  pages   = {21--37}
}

@article{Shannon1948,
  author  = {Claude E. Shannon},
  title   = {A Mathematical Theory of Communication},
  journal = {Bell System Technical Journal},
  year    = {1948},
  volume  = {27},
  pages   = {379--423, 623--656}
}

@article{Shor1995,
  author  = {Peter W. Shor},
  title   = {Scheme for reducing decoherence in quantum computer memory},
  journal = {Physical Review A},
  year    = {1995},
  volume  = {52},
  pages   = {R2493--R2496},
  doi     = {10.1103/PhysRevA.52.R2493}
}

@article{Silver2017,
  author  = {David Silver and others},
  title   = {Mastering the game of Go without human knowledge},
  journal = {Nature},
  year    = {2017},
  volume  = {550},
  pages   = {354--359},
  doi     = {10.1038/nature24270}
}

@article{Singer2018,
  author  = {Wolf Singer},
  title   = {Neuronal oscillations in distributed processing and cognition},
  journal = {Annual Review of Neuroscience},
  year    = {2018},
  volume  = {41},
  pages   = {65--87},
  doi     = {10.1146/annurev-neuro-070815-013838}
}

@article{Skyrme1961,
  author  = {T. H. R. Skyrme},
  title   = {A non-linear field theory},
  journal = {Proceedings of the Royal Society A},
  year    = {1961},
  volume  = {260},
  pages   = {127--138},
  doi     = {10.1098/rspa.1961.0018}
}

@inproceedings{Tesla1892,
  author    = {Nikola Tesla},
  title     = {Experiments with Alternate Currents of High Potential and High Frequency},
  booktitle = {Lecture before the Institution of Electrical Engineers, London},
  year      = {1892}
}

@article{Tesla1919,
  author  = {Nikola Tesla},
  title   = {My Inventions: The Autobiography of Nikola Tesla},
  journal = {Electrical Experimenter},
  year    = {1919},
  note    = {February--October issues}
}

@book{Timpson2013,
  author    = {Christopher G. Timpson},
  title     = {Quantum Information Theory and the Foundations of Quantum Mechanics},
  year      = {2013},
  publisher = {Oxford University Press}
}

@article{Tononi2016,
  author  = {Giulio Tononi and Melanie Boly and Marcello Massimini and Christof Koch},
  title   = {Integrated Information Theory: from consciousness to its physical substrate},
  journal = {Nature Reviews Neuroscience},
  year    = {2016},
  volume  = {17},
  pages   = {450--461},
  doi     = {10.1038/nrn.2016.44}
}

@article{Turing1950,
  author  = {Alan M. Turing},
  title   = {Computing machinery and intelligence},
  journal = {Mind},
  year    = {1950},
  volume  = {59},
  pages   = {433--460},
  doi     = {10.1093/mind/LIX.236.433}
}

@article{tHooft1974,
  author  = {Gerard 't Hooft},
  title   = {Magnetic monopoles in unified gauge theories},
  journal = {Nuclear Physics B},
  year    = {1974},
  volume  = {79},
  pages   = {276--284},
  doi     = {10.1016/0550-3213(74)90486-6}
}

@article{Weinberg1967,
  author  = {Steven Weinberg},
  title   = {A model of leptons},
  journal = {Physical Review Letters},
  year    = {1967},
  volume  = {19},
  pages   = {1264--1266},
  doi     = {10.1103/PhysRevLett.19.1264}
}

@article{Woolley2010,
  author  = {Anita Williams Woolley and Christopher F. Chabris and Alex Pentland and Nada Hashmi and Thomas W. Malone},
  title   = {Evidence for a collective intelligence factor in the performance of human groups},
  journal = {Science},
  year    = {2010},
  volume  = {330},
  pages   = {686--688},
  doi     = {10.1126/science.1193147}
}

@misc{Zhao2024,
  author       = {Cheng-Zhi Zhao and others},
  title        = {The warm--hot intergalactic medium in inter-cluster filaments observed with eROSITA},
  year         = {2024},
  eprint       = {2410.06836},
  archivePrefix= {arXiv}
}

@article{Zurek1990,
  author  = {Wojciech H. Zurek},
  title   = {Algorithmic randomness and physical entropy},
  journal = {Physical Review A},
  year    = {1990},
  volume  = {40},
  pages   = {4731--4751},
  doi     = {10.1103/PhysRevA.40.4731}
}

@article{Riess1998,
  author  = {Adam G. Riess and others},
  title   = {Observational evidence from supernovae for an accelerating universe and a cosmological constant},
  journal = {Astronomical Journal},
  year    = {1998},
  volume  = {116},
  pages   = {1009--1038},
  doi     = {10.1086/300499}
}

@article{Perlmutter1999,
  author  = {Saul Perlmutter and others},
  title   = {Measurements of $\Omega$ and $\Lambda$ from 42 high-redshift supernovae},
  journal = {Astrophysical Journal},
  year    = {1999},
  volume  = {517},
  pages   = {565--586},
  doi     = {10.1086/307221}
}

@article{Planck2018,
  author  = {{Planck Collaboration}},
  title   = {Planck 2018 results. VI. Cosmological parameters},
  journal = {Astronomy \& Astrophysics},
  year    = {2020},
  volume  = {641},
  pages   = {A6},
  doi     = {10.1051/0004-6361/201833910}
}

@article{Mroz2022,
  author  = {Przemek Mr{\'o}z and others},
  title   = {A free-floating or wide-orbit planet in the microlensing event OGLE-2016-BLG-1928},
  journal = {Astrophysical Journal Letters},
  year    = {2022},
  volume  = {933},
  number  = {1},
  pages   = {L24},
  doi     = {10.3847/2041-8213/ac75ef}
}

@incollection{Wheeler1990,
  author    = {John Archibald Wheeler},
  title     = {Information, Physics, Quantum: The Search for Links},
  booktitle = {Complexity, Entropy, and the Physics of Information},
  editor    = {Wojciech H. Zurek},
  series    = {Santa Fe Institute Studies in the Sciences of Complexity},
  volume    = {VIII},
  pages     = {3--28},
  publisher = {Addison-Wesley},
  address   = {Redwood City, CA},
  year      = {1990}
}

@article{Mroz2022b,
  author  = {Przemek Mr{\'o}z and others},
  title   = {Black holes, neutron stars, and white dwarfs detected by microlensing in the OGLE data},
  journal = {Nature},
  year    = {2022},
  volume  = {611},
  pages   = {653--656},
  doi     = {10.1038/s41586-022-05262-7}
}

@article{Ellis2006,
  author  = {George F. R. Ellis},
  title   = {Issues in the Philosophy of Cosmology},
  journal = {Handbook in Philosophy of Physics},
  editor  = {Jeremy Butterfield and John Earman},
  publisher = {Elsevier},
  year    = {2006},
  pages   = {1183--1285},
  doi     = {10.1016/B978-044451560-5/50015-3}
}

@article{Wang2025,
  author  = {Xiaoying Wang and others},
  title   = {Large-scale spin--filament alignment as a probe of cosmic structure formation},
  journal = {Nature Astronomy},
  year    = {2025},
  note    = {in press},
  doi     = {10.1038/s41550-025-02015-7}
}

@book{MaynardSmith1995,
  author    = {John Maynard Smith and E{\"o}rs Szathm{\'a}ry},
  title     = {The Major Transitions in Evolution},
  year      = {1995},
  publisher = {Oxford University Press},
  address   = {Oxford}
}

@ARTICLE{Perlman2025_M87_JWST,
  author       = {Perlman, E. S. and Meyer, E. T. and Sparks, W. B. and Biretta, J. A. and Macchetto, F. D. and et al.},
  title        = {The infrared jet of M87 observed with JWST},
  journal      = {Astronomy \& Astrophysics},
  year         = {2025},
  month        = {September},
  volume       = {690},
  pages        = {A41},
  doi          = {10.1051/0004-6361/2025481},
  url          = {https://www.aanda.org/articles/aa/abs/2025/09/aa45841-25/aa45841-25.html}
}

@ARTICLE{EHT2024_Polarization_M87,
  author       = {{Event Horizon Telescope Collaboration} and Akiyama, K. and Alberdi, A. and Alef, W. and et al.},
  title        = {Magnetic field topology and time-variable polarization structure in the M87* jet},
  journal      = {Astrophysical Journal Letters},
  year         = {2024},
  volume       = {957},
  pages        = {L12},
  doi          = {10.3847/2041-8213/ad1e8d}
}

@book{Cheney1981,
  author    = {Margaret Cheney},
  title     = {Tesla: Man Out of Time},
  publisher = {Prentice Hall},
  address   = {Englewood Cliffs, NJ},
  year      = {1981},
  isbn      = {0139068591}
}

@article{Neukart2025_QMM,
  author    = {Florian Neukart and Robert Brasher and Erich Marx},
  title     = {The Quantum Memory Matrix: A Unified Framework for the Black Hole Information Paradox},
  journal   = {arXiv preprint},
  year      = {2025},
  eprint    = {arXiv:2503.11821},
  note      = {Models spacetime as quantum memory cells preserving information unitarily.}
}

@article{Neukart2025_QMM_Imprint,
  author    = {Florian Neukart},
  title     = {Reversible Imprinting and Retrieval of Quantum Information},
  journal   = {arXiv preprint},
  year      = {2025},
  eprint    = {arXiv:2505.06214},
  note      = {Experimental validation of imprint–retrieval on IBM quantum processors.}
}

@article{Neukart2025_QMM_SM,
  author    = {Florian Neukart and Erich Marx and Victor Vinokur},
  title     = {Extending the Quantum Memory Matrix Framework to the Strong and Weak Interactions},
  journal   = {Entropy},
  volume    = {27},
  number    = {2},
  pages     = {153},
  year      = {2025},
  doi       = {10.3390/e27020153},
  note      = {Application of QMM to Standard Model interactions.}
}

@article{Neukart2025_QMM_PBH,
  author    = {Florian Neukart and Erich Marx and Victor Vinokur},
  title     = {Information Wells and the Emergence of Primordial Black Holes in a Cyclic Quantum Universe},
  journal   = {arXiv preprint},
  year      = {2025},
  eprint    = {arXiv:2507.04109},
  note      = {Cyclic cosmology and PBH formation under the QMM framework.}
}

% ==========================================================
% UIF Series Cross-References
% ==========================================================

@misc{UIF-I,
  author        = {Hiles, Stuart E. N.},
  title         = {The Unifying Information Field (UIF) I — Core Theory},
  year          = {2025},
  eprint        = {25xx.xxxxx},
  archivePrefix = {arXiv},
  primaryClass  = {physics.gen-ph},
  note          = {UIF series paper I (this paper)}
}

@misc{UIF-II,
  author        = {Hiles, Stuart E. N.},
  title         = {The Unifying Information Field (UIF) II — Symmetry Principles},
  year          = {2025},
  eprint        = {25xx.xxxxx},
  archivePrefix = {arXiv},
  primaryClass  = {physics.gen-ph},
  note          = {UIF series paper II}
}

@misc{UIF-III,
  author        = {Hiles, Stuart E. N.},
  title         = {The Unifying Information Field (UIF) III — Field and Lagrangian Formalism},
  year          = {2025},
  note          = {Forthcoming; UIF series paper III}
}

@misc{UIF-IV,
  author        = {Hiles, Stuart E. N.},
  title         = {The Unifying Information Field (UIF) IV — Cosmology and Astrophysical Case Studies},
  year          = {2025},
  note          = {Forthcoming; UIF series paper IV}
}

@misc{UIF-V,
  author        = {Hiles, Stuart E. N.},
  title         = {The Unifying Information Field (UIF) V — Energy and the Potential Field},
  year          = {2025},
  note          = {Forthcoming; UIF series paper V}
}

@misc{UIF-VI,
  author        = {Hiles, Stuart E. N.},
  title         = {The Unifying Information Field (UIF) VI — The Seven Pillars and Invariants},
  year          = {2025},
  note          = {Forthcoming; UIF series paper VI}
}

@misc{UIF-VII,
  author        = {Hiles, Stuart E. N.},
  title         = {The Unifying Information Field (UIF) VII — Predictions and Experiments},
  year          = {2025},
  note          = {Forthcoming; UIF series paper VII}
}

@misc{Companion2025,
  author        = {Hiles, Stuart E. N.},
  title         = {The Unifying Information Field (UIF) — Companion Experiments: Empirical Validation of Papers I–IV},
  year          = {2025},
  note          = {Experiments I–IV; calibration, symmetry, variational, and cosmological tests},
  howpublished  = {arXiv preprint},
}

@software{Hiles_UIF_Series_2025,
  author  = {Hiles, Stuart E. N.},
  doi     = {10.5281/zenodo.17434413},
  license = {GPL-3.0},
  month   = oct,
  title   = {{UIF Series — Initial Publication Set (Papers I–VII and Companion)}},
  url     = {https://github.com/stuart-hiles/UIF},
  version = {v1.0},
  year    = {2025}
}
